<?xml version="1.0" encoding="UTF-8" ?><marc:collection xmlns:marc="http://www.loc.gov/MARC21/slim" xmlns:xsi="http://www.w3.org/2001/XMLSchema-instance" xsi:schemaLocation="http://www.loc.gov/MARC21/slim http://www.loc.gov/standards/marcxml/schema/MARC21slim.xsd">
<marc:record><marc:leader>02183ntm a2200349 a 4500</marc:leader>
<marc:controlfield tag="001">120</marc:controlfield>
<marc:controlfield tag="008">020506s1341    enk     |    |||| ||lat||</marc:controlfield><marc:datafield tag="035" ind1=" " ind2=" "><marc:subfield code="9">2980001058</marc:subfield></marc:datafield><marc:datafield tag="245" ind1="0" ind2="0"><marc:subfield code="a">Great Eversden, Cambridgeshire: Deed of Gift, 1341.</marc:subfield></marc:datafield><marc:datafield tag="260" ind1=" " ind2=" "><marc:subfield code="a">Great Eversden, Cambridgeshire,</marc:subfield><marc:subfield code="c">1341.</marc:subfield></marc:datafield><marc:datafield tag="300" ind1=" " ind2=" "><marc:subfield code="a">1 item (parchment) :</marc:subfield><marc:subfield code="b">Condition A1.</marc:subfield></marc:datafield><marc:datafield tag="500" ind1=" " ind2=" "><marc:subfield code="a">Great and Little Eversden, Cambridgeshire: deed of gift, 1341.</marc:subfield></marc:datafield><marc:datafield tag="500" ind1=" " ind2=" "><marc:subfield code="a">John, son of Henry 'le Smyth' of Great Eversden confirms his gift (with warranty) to John, son of William 'le Smyth' of the same place, of one messuage with a croft in Great Eversden, bounded on both sides by the highway and abutting on the west upon land formerly belonging to Lord Robert de Ho', together with all his lands and tenements in the village or fields of Great and Little Eversden, apart from two selions: one over Westhowe and the other against the Rede Made, abutting on the field of Harlton. The lands will revert to the donor if the donee remains childless.</marc:subfield></marc:datafield><marc:datafield tag="500" ind1=" " ind2=" "><marc:subfield code="a">At Great Eversden, Trinity Sunday, 15 Edward III, [3 June 1341], deed poll, witnessed by Henry le Clerk', Henry the son of Roger le Clerk', John West, Henry Manchel, Richard Fynor, Richard de Bokesworth, and many others. Surnames 'le Smyth' and 'Faber' are used quite interchangeably. Seal wanting. Endorsed in pencil: '30'.</marc:subfield></marc:datafield><marc:datafield tag="524" ind1=" " ind2=" "><marc:subfield code="a">Cambridge University Library, Doc. MS. 3640.</marc:subfield></marc:datafield><marc:datafield tag="541" ind1=" " ind2=" "><marc:subfield code="a">Harrison, R. G.;</marc:subfield><marc:subfield code="c">Gift;</marc:subfield><marc:subfield code="d">1941 May.</marc:subfield></marc:datafield><marc:datafield tag="600" ind1="0" ind2="0"><marc:subfield code="a">John,</marc:subfield><marc:subfield code="c">son of Henry le Smith of Great Eversden,</marc:subfield><marc:subfield code="d">fl. 1341.</marc:subfield></marc:datafield><marc:datafield tag="600" ind1="0" ind2="0"><marc:subfield code="a">John,</marc:subfield><marc:subfield code="c">son of William le Smith,</marc:subfield><marc:subfield code="d">fl. 1341.</marc:subfield></marc:datafield><marc:datafield tag="600" ind1="0" ind2="0"><marc:subfield code="a">Henry,</marc:subfield><marc:subfield code="c">son of Roger Clerk,</marc:subfield><marc:subfield code="d">fl. 1341.</marc:subfield></marc:datafield><marc:datafield tag="600" ind1="0" ind2="0"><marc:subfield code="a">Henry,</marc:subfield><marc:subfield code="c">le Smith, of Great Eversden.</marc:subfield></marc:datafield><marc:datafield tag="600" ind1="0" ind2="0"><marc:subfield code="a">Robert,</marc:subfield><marc:subfield code="c">de Ho.</marc:subfield></marc:datafield><marc:datafield tag="600" ind1="0" ind2="0"><marc:subfield code="a">William,</marc:subfield><marc:subfield code="c">le Smith, of Great Eversden.</marc:subfield></marc:datafield><marc:datafield tag="600" ind1="1" ind2="0"><marc:subfield code="a">Clerk, Henry,</marc:subfield><marc:subfield code="d">fl. 1341.</marc:subfield></marc:datafield><marc:datafield tag="600" ind1="1" ind2="0"><marc:subfield code="a">Clerk, Roger.</marc:subfield></marc:datafield><marc:datafield tag="600" ind1="1" ind2="0"><marc:subfield code="a">West, John,</marc:subfield><marc:subfield code="d">fl. 1341.</marc:subfield></marc:datafield><marc:datafield tag="600" ind1="1" ind2="0"><marc:subfield code="a">Manchel, Henry,</marc:subfield><marc:subfield code="d">fl. 1341.</marc:subfield></marc:datafield><marc:datafield tag="600" ind1="1" ind2="0"><marc:subfield code="a">Fynor, Richard,</marc:subfield><marc:subfield code="d">fl. 1341.</marc:subfield></marc:datafield><marc:datafield tag="600" ind1="0" ind2="0"><marc:subfield code="a">Richard,</marc:subfield><marc:subfield code="c">de Boxworth,</marc:subfield><marc:subfield code="d">fl. 1341.</marc:subfield></marc:datafield><marc:datafield tag="651" ind1=" " ind2="0"><marc:subfield code="a">Cambridgeshire (England)</marc:subfield><marc:subfield code="x">Social conditions.</marc:subfield></marc:datafield><marc:datafield tag="651" ind1=" " ind2="0"><marc:subfield code="a">Little Eversden (England)</marc:subfield><marc:subfield code="x">History.</marc:subfield></marc:datafield><marc:datafield tag="651" ind1=" " ind2="0"><marc:subfield code="a">Great Eversden (England)</marc:subfield><marc:subfield code="x">History.</marc:subfield></marc:datafield><marc:datafield tag="830" ind1=" " ind2="0"><marc:subfield code="a">MS.Doc.</marc:subfield></marc:datafield></marc:record>