
<marc:record><marc:leader>01833ntm a2200289 a 4500</marc:leader>
<marc:controlfield tag="001">25</marc:controlfield>
<marc:controlfield tag="008">020506s1838    enk     |    |||| ||eng||</marc:controlfield><marc:datafield tag="035" ind1=" " ind2=" "><marc:subfield code="9">2980001651</marc:subfield></marc:datafield><marc:datafield tag="245" ind1="1" ind2="0"><marc:subfield code="a">Sutton, Cambridgeshire: Conveyance by Enfeoffment.</marc:subfield></marc:datafield><marc:datafield tag="260" ind1=" " ind2=" "><marc:subfield code="a">[Sutton, Cambridgeshire],</marc:subfield><marc:subfield code="c">1838.</marc:subfield></marc:datafield><marc:datafield tag="300" ind1=" " ind2=" "><marc:subfield code="a">1 item (vellum) :</marc:subfield><marc:subfield code="b">Condition A1.</marc:subfield></marc:datafield><marc:datafield tag="500" ind1=" " ind2=" "><marc:subfield code="a">In consideration of Đ36, Hannah Feast of Sutton, widow, formerly Hannah Haddock, grants and enfeoffs to Benjamin Bedingham of Sutton, yeoman, and his heirs her two acres and one rood of land lying in two places in Medlands, Sutton, formerly part of the estate of her late husband Benjamin Haddock of Sutton, farmer. </marc:subfield></marc:datafield><marc:datafield tag="500" ind1=" " ind2=" "><marc:subfield code="a">25/6 Oct. 1838, the mark and seal of Hannah Feast, witnessed by Robert Tubbs [or Jubbs] of Sutton and Thomas Archer jnr of Ely, duty stamps. Endorsed with receipt for consideration money, same date and signatures. Further endorsed with certificate of livery of seisin, dated the following day and witnessed by Josiah ?Bircher and Thomas Haddock. Form of indenture supplied by John Smith of Long Acre, parchment-dealer, and Silvester and Co. of The Strand, engravers. </marc:subfield></marc:datafield><marc:datafield tag="524" ind1=" " ind2=" "><marc:subfield code="a">Cambridge University Library, Doc. MS. 3701. </marc:subfield></marc:datafield><marc:datafield tag="541" ind1=" " ind2=" "><marc:subfield code="a">Levington, A.;</marc:subfield><marc:subfield code="c">Gift;</marc:subfield><marc:subfield code="d">1943 November. </marc:subfield></marc:datafield><marc:datafield tag="600" ind1="0" ind2=" "><marc:subfield code="a">Haddock, Thomas,</marc:subfield><marc:subfield code="d">fl. 1838. </marc:subfield></marc:datafield><marc:datafield tag="600" ind1="0" ind2=" "><marc:subfield code="a">Vipan, John,</marc:subfield><marc:subfield code="c">esq.,</marc:subfield><marc:subfield code="d">fl. 1838. </marc:subfield></marc:datafield><marc:datafield tag="600" ind1="0" ind2=" "><marc:subfield code="a">Feast, Hannah,</marc:subfield><marc:subfield code="c">of Sutton, widow,</marc:subfield><marc:subfield code="d">fl. 1838. </marc:subfield></marc:datafield><marc:datafield tag="600" ind1="0" ind2=" "><marc:subfield code="a">Lenton, John,</marc:subfield><marc:subfield code="c">of Sutton. </marc:subfield></marc:datafield><marc:datafield tag="600" ind1="0" ind2=" "><marc:subfield code="a">Tubbs, Robert,</marc:subfield><marc:subfield code="c">of Sutton,</marc:subfield><marc:subfield code="d">fl. 1838. </marc:subfield></marc:datafield><marc:datafield tag="600" ind1="0" ind2=" "><marc:subfield code="a">Bircher, Josiah,</marc:subfield><marc:subfield code="d">fl. 1838. </marc:subfield></marc:datafield><marc:datafield tag="600" ind1="0" ind2=" "><marc:subfield code="a">Bedingham, Benjamin,</marc:subfield><marc:subfield code="c">of Sutton, yeoman,</marc:subfield><marc:subfield code="d">fl. 1838. </marc:subfield></marc:datafield><marc:datafield tag="600" ind1="0" ind2=" "><marc:subfield code="a">Haddock, Benjamin,</marc:subfield><marc:subfield code="c">of Sutton, farmer,</marc:subfield><marc:subfield code="d">d. before 1838. </marc:subfield></marc:datafield><marc:datafield tag="651" ind1="0" ind2=" "><marc:subfield code="a">Cambridgeshire (England)</marc:subfield><marc:subfield code="x">Social conditions. </marc:subfield></marc:datafield><marc:datafield tag="651" ind1="0" ind2=" "><marc:subfield code="a">Sutton (Cambridgeshire, England)</marc:subfield><marc:subfield code="x">history. </marc:subfield></marc:datafield><marc:datafield tag="651" ind1="0" ind2=" "><marc:subfield code="a">Ely (England)</marc:subfield><marc:subfield code="x">history. </marc:subfield></marc:datafield><marc:datafield tag="830" ind1="0" ind2=" "><marc:subfield code="a">MS.Doc. </marc:subfield></marc:datafield></marc:record>