
<marc:record><marc:leader>01914ntm a2200265 a 4500</marc:leader>
<marc:controlfield tag="001">464</marc:controlfield>
<marc:controlfield tag="008">020506m16001608enk     |    |||| ||fre||</marc:controlfield><marc:datafield tag="035" ind1=" " ind2=" "><marc:subfield code="9">298000071X</marc:subfield></marc:datafield><marc:datafield tag="245" ind1="0" ind2="0"><marc:subfield code="a">Calvin's Case; Commonplace.</marc:subfield></marc:datafield><marc:datafield tag="260" ind1=" " ind2=" "><marc:subfield code="a">England,</marc:subfield><marc:subfield code="c">ca. 1608.</marc:subfield></marc:datafield><marc:datafield tag="300" ind1=" " ind2=" "><marc:subfield code="a">1 v. (89 fols.) :</marc:subfield><marc:subfield code="b">Condition B1/C1 ;</marc:subfield><marc:subfield code="c">205 x 158 mm.</marc:subfield></marc:datafield><marc:datafield tag="500" ind1=" " ind2=" "><marc:subfield code="a">Report on judgements in Calvin's case, and a legal commonplace, ca. 1600-08. In French.</marc:subfield></marc:datafield><marc:datafield tag="500" ind1=" " ind2=" "><marc:subfield code="a">(19r-90r, continued in 16v, 12v, 10v, and 7v) Alphabetical commonplace from 'Advouson' to 'Wast', based on the year books and abridgments, and Dyer's printed reports. This seems to be the original part of the volume. The date of compilation is within the period 1586-1605. (4v- 18r, continued on 87r-82r) Roughly written report of the judgments in the Exchequer Chamber in Calvin v. Smith (1608), concerning the post-nati. This case is more fully reported in 7 Co. Rep. 1. (1r-4r) Notes in English on tithes, possibly from a reading on 2 Edw. VI, c. 13, interspersed with misc. legal notes in French. this was written after 1606, as 4 Co. Rep. is cited.</marc:subfield></marc:datafield><marc:datafield tag="500" ind1=" " ind2=" "><marc:subfield code="a">Old pagination 1-180 from what is now the back of the volume; the foliation now runs 1-18, 89-19, so that 18v=90r.</marc:subfield></marc:datafield><marc:datafield tag="500" ind1=" " ind2=" "><marc:subfield code="a">xviii cent. Bowtell-style half russia, dark paper sides; red label on spine letterd 'TRACTS M.S.' Dd.11.47-53 bound together.</marc:subfield></marc:datafield><marc:datafield tag="510" ind1="3" ind2=" "><marc:subfield code="a">Listed in J. H. Baker, 'A Catalogue of English Legal Manuscripts in Cambridge University Library', p. 116</marc:subfield></marc:datafield><marc:datafield tag="524" ind1=" " ind2=" "><marc:subfield code="a">Cambridge University Library, Dd.11.53.</marc:subfield></marc:datafield><marc:datafield tag="540" ind1=" " ind2=" "><marc:subfield code="a">Photocopying of this item is not permitted.</marc:subfield></marc:datafield><marc:datafield tag="541" ind1=" " ind2=" "><marc:subfield code="a">Royal Library (?);</marc:subfield><marc:subfield code="c">Gift;</marc:subfield><marc:subfield code="d">1715.</marc:subfield></marc:datafield><marc:datafield tag="561" ind1=" " ind2=" "><marc:subfield code="a">Perhaps in the Royal Library 1715 (R, but no Geo. I bookplate).</marc:subfield></marc:datafield><marc:datafield tag="650" ind1=" " ind2="0"><marc:subfield code="a">Law</marc:subfield><marc:subfield code="z">England</marc:subfield><marc:subfield code="x">History</marc:subfield><marc:subfield code="y">17th century.</marc:subfield></marc:datafield><marc:datafield tag="650" ind1=" " ind2="0"><marc:subfield code="a">Law</marc:subfield><marc:subfield code="z">Scotland</marc:subfield><marc:subfield code="x">History</marc:subfield><marc:subfield code="y">17th century.</marc:subfield></marc:datafield><marc:datafield tag="650" ind1=" " ind2="0"><marc:subfield code="a">Naturalization</marc:subfield><marc:subfield code="z">Great Britain.</marc:subfield></marc:datafield><marc:datafield tag="700" ind1="0" ind2=" "><marc:subfield code="a">George</marc:subfield><marc:subfield code="b">I,</marc:subfield><marc:subfield code="c">King of England,</marc:subfield><marc:subfield code="e">donor.</marc:subfield></marc:datafield><marc:datafield tag="830" ind1=" " ind2="0"><marc:subfield code="a">MS.Dd.</marc:subfield></marc:datafield></marc:record>